@article{Ferrer2003a,
author = {Ferrer-i-Cancho, Ramon and Sole, Ricard V.},
doi = {10.1073/pnas.0335980100},
journal = {Proceedings of the National Academy of Sciences of the United States of America},
number = 3,
pages = {788--791},
pmid = 12540826,
title = {Least effort and the origins of scaling in human language},
volume = 100,
year = 2003
}

@article{Ferrer2005a,
author = {Ferrer-i-Cancho, Ramon},
doi = {10.1140/epjb/e2005-00340-y},
journal = {European Physical Journal B},
number = 3,
pages = {449--457},
title = {Zipf's law from a communicative phase transition},
volume = 47,
year = 2005
}

@article{Carrera2021a,
archivePrefix = {arXiv},
arxivId = {2105.11519},
journal = {Biosemiotics},
author = {Carrera-Casado, David and Ferrer-i-Cancho, Ramon},
title = {The advent and fall of a vocabulary learning bias from communicative efficiency},
url = {http://arxiv.org/abs/2105.11519},
year = 2021
}

@article{Ferrer2018a,
archivePrefix = {arXiv},
arxivId = {1801.00168},
author = {Ferrer-i-Cancho, Ramon and Vitevitch, Michael S.},
doi = {10.1002/asi.24057},
journal = {Journal of the Association for Information Science and Technology},
month = 11,
number = 11,
pages = {1369--1379},
title = {The origins of Zipf's meaning-frequency law},
volume = 69,
year = 2018
}

@article{Smart1976a,
author = {Smart, J. S.},
doi = {10.1016/S0022-5193(76)80027-6},
journal = {Journal of Theoretical Biology},
number = 1,
pages = {127--139},
pmid = 940338,
title = {Statistical tests of the broken-stick model of species-abundance relations},
volume = 59,
year = 1976
}
